@inproceedings{JOU2023,
  author    = {Jiangsu Ocean University},
  title     = {Advanced LaTeX Beamer Template for Academic Presentations},
  year      = {2025},
  url       = {https://github.com/TsekaLuk/JOU-Presentation-Beamer-Template},
}